<?xml version="1.0" encoding="UTF-8"?><collection xmlns="http://www.loc.gov/MARC21/slim"><record><leader>00439nam--2200169-i-4500</leader><controlfield tag="001">000009856</controlfield><controlfield tag="002">20161230</controlfield><controlfield tag="005">20161230201028</controlfield><controlfield tag="008">060222s1000------------r-----000-0-eng-d</controlfield><datafield ind1=" " ind2=" " tag="040"><subfield code="a">IFIN-HH</subfield></datafield><datafield ind1=" " ind2=" " tag="080"><subfield code="a">533.7:51</subfield></datafield><datafield ind1="1" ind2=" " tag="100"><subfield code="a">Cercignani, Carlo</subfield></datafield><datafield ind1="1" ind2="0" tag="245"><subfield code="a">Mathematical methods in kinetic theory</subfield><subfield code="c">Carlo cercignani</subfield></datafield><datafield ind1=" " ind2=" " tag="260"><subfield code="a">London, Macmillan, 1969</subfield></datafield><datafield ind1=" " ind2=" " tag="300"><subfield code="a">IX + 227 P</subfield></datafield><datafield ind1=" " ind2=" " tag="852"><subfield code="a">35736</subfield><subfield code="c">533.7</subfield></datafield><datafield ind1=" " ind2=" " tag="CAT"><subfield code="a">Sys</subfield><subfield code="c">20100915</subfield><subfield code="h">132740</subfield></datafield></record></collection>